<collection xmlns="http://www.loc.gov/MARC21/slim">
<record>
  <leader>01506nam0a2200289 i 450 </leader>
  <controlfield tag="001">IT\ICCU\CNCE\032678</controlfield>
  <controlfield tag="005">20110125000000.0</controlfield>
  <datafield tag="012" ind1=" " ind2=" ">
    <subfield code="a">roiu noci a.ad inqr (3) 1513 (T)</subfield>
    <subfield code="2">fei</subfield>
  </datafield>
  <datafield tag="100" ind1=" " ind2=" ">
    <subfield code="a">19971215d1513        0itac0103    ba</subfield>
  </datafield>
  <datafield tag="101" ind1=" " ind2=" ">
    <subfield code="a">LAT</subfield>
  </datafield>
  <datafield tag="102" ind1=" " ind2=" ">
    <subfield code="a">IT</subfield>
  </datafield>
  <datafield tag="200" ind1="1" ind2=" ">
    <subfield code="a">Copiosa ac perutilis repetitio solennissime L. imperium ff. de iurisdictione omnium iudicium edita in frequentissimo Papiensi gymnasio per I. V. acutissimum interpretem dominum Gasparem Valsaci Lusitanum siue Portugallensem, dum ibi matutinam lectionem publice legeret</subfield>
  </datafield>
  <datafield tag="210" ind1=" " ind2=" ">
    <subfield code="e">Impressa veroThaurini</subfield>
    <subfield code="g">per magistrum Nicolaum De Benedictis</subfield>
    <subfield code="h">1513 Kalendis Martij</subfield>
  </datafield>
  <datafield tag="215" ind1=" " ind2=" ">
    <subfield code="a">XXIV c.</subfield>
    <subfield code="d">fol</subfield>
  </datafield>
  <datafield tag="300" ind1=" " ind2=" ">
    <subfield code="a">Alla numerazione delle carte si affianca la numerazione araba di 96 col</subfield>
  </datafield>
  <datafield tag="620" ind1=" " ind2=" ">
    <subfield code="a">IT</subfield>
    <subfield code="d">Torino</subfield>
  </datafield>
  <datafield tag="700" ind1=" " ind2="1">
    <subfield code="a">Valasci,</subfield>
    <subfield code="b">Gaspare</subfield>
    <subfield code="3">IT\ICCU\CNCA\009511</subfield>
  </datafield>
  <datafield tag="712" ind1="0" ind2="0">
    <subfield code="a">Benedict, Nicolas</subfield>
    <subfield code="3">IT\ICCU\CNCT\001493</subfield>
    <subfield code="4">650</subfield>
  </datafield>
  <datafield tag="790" ind1=" " ind2="1">
    <subfield code="a">Valascus,</subfield>
    <subfield code="b">Gaspar</subfield>
    <subfield code="3">IT\ICCU\CNCA\025191</subfield>
    <subfield code="z">Valasci, Gaspare</subfield>
  </datafield>
  <datafield tag="790" ind1=" " ind2="1">
    <subfield code="a">Valascy,</subfield>
    <subfield code="b">Gaspar</subfield>
    <subfield code="3">IT\ICCU\CNCA\025192</subfield>
    <subfield code="z">Valasci, Gaspare</subfield>
  </datafield>
  <datafield tag="790" ind1=" " ind2="1">
    <subfield code="a">Valasius,</subfield>
    <subfield code="b">Caspar</subfield>
    <subfield code="3">IT\ICCU\CNCA\025193</subfield>
    <subfield code="z">Valasci, Gaspare</subfield>
  </datafield>
  <datafield tag="791" ind1="0" ind2="0">
    <subfield code="a">De_Benedictis, Nicolaus</subfield>
    <subfield code="3">IT\ICCU\CNCT\003062</subfield>
    <subfield code="z">Benedict, Nicolas</subfield>
  </datafield>
  <datafield tag="791" ind1="0" ind2="0">
    <subfield code="a">Benedetti, Nicola</subfield>
    <subfield code="3">IT\ICCU\CNCT\003636</subfield>
    <subfield code="z">Benedict, Nicolas</subfield>
  </datafield>
  <datafield tag="791" ind1="0" ind2="0">
    <subfield code="a">Benedeto, Nicolo</subfield>
    <subfield code="3">IT\ICCU\CNCT\004336</subfield>
    <subfield code="z">Benedict, Nicolas</subfield>
  </datafield>
  <datafield tag="791" ind1="0" ind2="0">
    <subfield code="a">Benedictis, Nicolaus de</subfield>
    <subfield code="c"> &lt;Torino&gt;</subfield>
    <subfield code="3">IT\ICCU\CNCT\004337</subfield>
    <subfield code="z">Benedict, Nicolas</subfield>
  </datafield>
  <datafield tag="801" ind1=" " ind2="3">
    <subfield code="a">IT</subfield>
    <subfield code="b">ICCU</subfield>
    <subfield code="c">20201114</subfield>
  </datafield>
  <datafield tag="899" ind1=" " ind2=" ">
    <subfield code="a">Biblioteca diocesana. Ivrea</subfield>
    <subfield code="1">TO0111</subfield>
    <subfield code="2">TO0 92</subfield>
  </datafield>
</record>
</collection>
